<?xml version = "1.0" encoding = "UTF-8"?><record>
  <leader>01132nam#a2200325#cb4500</leader>
  <controlfield tag="005">20210408211845.0</controlfield>
  <controlfield tag="007">tu</controlfield>
  <controlfield tag="008">070618|2006####xxk###########|||#|#eng#c</controlfield>
  <controlfield tag="003">DE-605</controlfield>
  <controlfield tag="001">990158915890206441</controlfield>
  <datafield tag="016" ind1="7" ind2=" ">
    <subfield code="a">255909482</subfield>
    <subfield code="2">OCoLC</subfield>
  </datafield>
  <datafield tag="020" ind1=" " ind2=" ">
    <subfield code="a">9780521402309</subfield>
    <subfield code="9">978-0-521-40230-9</subfield>
    <subfield code="0">(uri) http://www.isbnsearch.org/isbn/9780521402309</subfield>
  </datafield>
  <datafield tag="020" ind1=" " ind2=" ">
    <subfield code="a">0521402301</subfield>
    <subfield code="9">0-521-40230-1</subfield>
    <subfield code="0">(uri) http://www.isbnsearch.org/isbn/0521402301</subfield>
  </datafield>
  <datafield tag="035" ind1=" " ind2=" ">
    <subfield code="a">(DE-605)HT015183529</subfield>
  </datafield>
  <datafield tag="040" ind1=" " ind2=" ">
    <subfield code="a">5</subfield>
    <subfield code="b">ger</subfield>
    <subfield code="e">rakwb</subfield>
  </datafield>
  <datafield tag="041" ind1=" " ind2=" ">
    <subfield code="a">eng</subfield>
  </datafield>
  <datafield tag="044" ind1=" " ind2=" ">
    <subfield code="c">XA-GB</subfield>
  </datafield>
  <datafield tag="100" ind1="1" ind2=" ">
    <subfield code="a">Fitzgerald, F. Scott</subfield>
    <subfield code="d">1896-1940</subfield>
    <subfield code="0">(DE-588)118533592</subfield>
    <subfield code="4">aut</subfield>
    <subfield code="0">(uri) https://portal.dnb.de/opac.htm?method=simpleSearch&amp;cqlMode=true&amp;query=idn=118533592</subfield>
    <subfield code="0">(uri) http://viaf.org/viaf/sourceID/DNB|118533592</subfield>
    <subfield code="B">GND-118533592</subfield>
  </datafield>
  <datafield tag="245" ind1="1" ind2="0">
    <subfield code="a">&lt;&lt;The&gt;&gt; great Gatsby</subfield>
    <subfield code="c">F. Scott Fitzgerald. Ed. by Matthew J. Bruccoli</subfield>
  </datafield>
  <datafield tag="250" ind1=" " ind2=" ">
    <subfield code="a">12. print.</subfield>
  </datafield>
  <datafield tag="264" ind1=" " ind2="1">
    <subfield code="a">Cambridge [u.a.]</subfield>
    <subfield code="b">Cambridge Univ. Press</subfield>
    <subfield code="c">2006</subfield>
  </datafield>
  <datafield tag="300" ind1=" " ind2=" ">
    <subfield code="a">LV, 225 S. : Kt.</subfield>
  </datafield>
  <datafield tag="490" ind1="1" ind2=" ">
    <subfield code="a">&lt;&lt;The&gt;&gt; Cambridge edition of the works of F. Scott Fitzgerald</subfield>
    <subfield code="v">&lt;great&gt;</subfield>
  </datafield>
  <datafield tag="700" ind1="1" ind2=" ">
    <subfield code="a">Bruccoli, Matthew Joseph</subfield>
    <subfield code="d">1931-2008</subfield>
    <subfield code="0">(DE-588)119468476</subfield>
    <subfield code="4">edt</subfield>
    <subfield code="0">(uri) https://portal.dnb.de/opac.htm?method=simpleSearch&amp;cqlMode=true&amp;query=idn=119468476</subfield>
    <subfield code="0">(uri) http://viaf.org/viaf/sourceID/DNB|119468476</subfield>
    <subfield code="B">GND-119468476</subfield>
  </datafield>
  <datafield tag="830" ind1=" " ind2="0">
    <subfield code="a">&lt;&lt;The&gt;&gt; Cambridge edition of the works of F. Scott Fitzgerald</subfield>
    <subfield code="w">(DE-605)HT004984061</subfield>
    <subfield code="v">great</subfield>
    <subfield code="9">O:1</subfield>
  </datafield>
  <datafield tag="964" ind1="0" ind2="s">
    <subfield code="F">030</subfield>
    <subfield code="A">a|1uc||||||17</subfield>
  </datafield>
  <datafield tag="964" ind1="0" ind2="s">
    <subfield code="F">050</subfield>
    <subfield code="A">a|||||||||||||</subfield>
  </datafield>
  <datafield tag="964" ind1="0" ind2="s">
    <subfield code="F">051</subfield>
    <subfield code="A">s|||||||</subfield>
  </datafield>
  <datafield tag="035" ind1=" " ind2=" ">
    <subfield code="a">(OCoLC)255909482</subfield>
    <subfield code="0">(uri) http://www.worldcat.org/oclc/255909482</subfield>
  </datafield>
  <datafield tag="035" ind1=" " ind2=" ">
    <subfield code="a">(DE-599)HBZHT015183529</subfield>
  </datafield>
  <datafield tag="MBD" ind1=" " ind2=" ">
    <subfield code="M">49HBZ_NETWORK</subfield>
    <subfield code="i">990158915890206441</subfield>
    <subfield code="n">HBZ Network</subfield>
  </datafield>
  <datafield tag="MNG" ind1=" " ind2=" ">
    <subfield code="c">System</subfield>
    <subfield code="f">ILS</subfield>
    <subfield code="i">marc21</subfield>
    <subfield code="k">01</subfield>
    <subfield code="e">false</subfield>
    <subfield code="d">2021-04-08 21:18:45 Europe/Berlin</subfield>
    <subfield code="g">015891589-HBZ01</subfield>
    <subfield code="j">60</subfield>
    <subfield code="a">import</subfield>
    <subfield code="b">2021-04-06 00:25:40 Europe/Berlin</subfield>
  </datafield>
  <datafield tag="GPN" ind1="1" ind2=" ">
    <subfield code="a">Bruccoli, Matthew J.</subfield>
    <subfield code="d">1931-2008</subfield>
    <subfield code="A">GND</subfield>
    <subfield code="B">GND-119468476</subfield>
    <subfield code="C">400</subfield>
  </datafield>
  <datafield tag="GSI" ind1="7" ind2=" ">
    <subfield code="a">http://d-nb.info/gnd/119468476</subfield>
    <subfield code="2">uri</subfield>
    <subfield code="A">GND</subfield>
    <subfield code="B">GND-119468476</subfield>
    <subfield code="C">024</subfield>
  </datafield>
  <datafield tag="GPN" ind1="1" ind2=" ">
    <subfield code="a">Fitzgerald, Francis Scott</subfield>
    <subfield code="d">1896-1940</subfield>
    <subfield code="4">navo</subfield>
    <subfield code="4">http://d-nb.info/standards/elementset/gnd#FullerFormOfNameOfThePerson</subfield>
    <subfield code="w">r</subfield>
    <subfield code="i">Vollstaendiger Name</subfield>
    <subfield code="e">Vollstaendiger Name</subfield>
    <subfield code="A">GND</subfield>
    <subfield code="B">GND-118533592</subfield>
    <subfield code="C">400</subfield>
  </datafield>
  <datafield tag="GPN" ind1="0" ind2=" ">
    <subfield code="a">Feicijielade</subfield>
    <subfield code="d">1896-1940</subfield>
    <subfield code="9">v:Chines.</subfield>
    <subfield code="A">GND</subfield>
    <subfield code="B">GND-118533592</subfield>
    <subfield code="C">400</subfield>
  </datafield>
  <datafield tag="GPN" ind1="1" ind2=" ">
    <subfield code="a">Fitzgerald, Francis S.</subfield>
    <subfield code="d">1896-1940</subfield>
    <subfield code="A">GND</subfield>
    <subfield code="B">GND-118533592</subfield>
    <subfield code="C">400</subfield>
  </datafield>
  <datafield tag="GPN" ind1="1" ind2=" ">
    <subfield code="a">Scott-Fitzgerald, Francis</subfield>
    <subfield code="d">1896-1940</subfield>
    <subfield code="A">GND</subfield>
    <subfield code="B">GND-118533592</subfield>
    <subfield code="C">400</subfield>
  </datafield>
  <datafield tag="GPN" ind1="1" ind2=" ">
    <subfield code="a">Fitzgerald, F. S.</subfield>
    <subfield code="d">1896-1940</subfield>
    <subfield code="A">GND</subfield>
    <subfield code="B">GND-118533592</subfield>
    <subfield code="C">400</subfield>
  </datafield>
  <datafield tag="GPN" ind1="1" ind2=" ">
    <subfield code="a">Fitzgerald, Scott F.</subfield>
    <subfield code="d">1896-1940</subfield>
    <subfield code="A">GND</subfield>
    <subfield code="B">GND-118533592</subfield>
    <subfield code="C">400</subfield>
  </datafield>
  <datafield tag="GPN" ind1="0" ind2=" ">
    <subfield code="a">Fitzgerald</subfield>
    <subfield code="d">1896-1940</subfield>
    <subfield code="9">v:Uigur.</subfield>
    <subfield code="A">GND</subfield>
    <subfield code="B">GND-118533592</subfield>
    <subfield code="C">400</subfield>
  </datafield>
  <datafield tag="GPN" ind1="1" ind2=" ">
    <subfield code="a">Scott Fitzgerald, Francis</subfield>
    <subfield code="d">1896-1940</subfield>
    <subfield code="A">GND</subfield>
    <subfield code="B">GND-118533592</subfield>
    <subfield code="C">400</subfield>
  </datafield>
  <datafield tag="GPN" ind1="1" ind2=" ">
    <subfield code="a">Scott Fitzgerald, F.</subfield>
    <subfield code="d">1896-1940</subfield>
    <subfield code="A">GND</subfield>
    <subfield code="B">GND-118533592</subfield>
    <subfield code="C">400</subfield>
  </datafield>
  <datafield tag="GPN" ind1="1" ind2=" ">
    <subfield code="a">Fitzgerald, Scott</subfield>
    <subfield code="d">1896-1940</subfield>
    <subfield code="A">GND</subfield>
    <subfield code="B">GND-118533592</subfield>
    <subfield code="C">400</subfield>
  </datafield>
  <datafield tag="GPN" ind1="1" ind2=" ">
    <subfield code="a">Fitzgerald, Francis Scott Key</subfield>
    <subfield code="d">1896-1940</subfield>
    <subfield code="A">GND</subfield>
    <subfield code="B">GND-118533592</subfield>
    <subfield code="C">400</subfield>
  </datafield>
  <datafield tag="GPN" ind1="1" ind2=" ">
    <subfield code="a">Ficdz&#780;eralds, Skots Fra&#772;nsiss</subfield>
    <subfield code="d">1896-1940</subfield>
    <subfield code="A">GND</subfield>
    <subfield code="B">GND-118533592</subfield>
    <subfield code="C">400</subfield>
  </datafield>
  <datafield tag="GPN" ind1="1" ind2=" ">
    <subfield code="a">Ficdz&#780;eral&#697;d, Skott Frensis</subfield>
    <subfield code="d">1896-1940</subfield>
    <subfield code="A">GND</subfield>
    <subfield code="B">GND-118533592</subfield>
    <subfield code="C">400</subfield>
  </datafield>
  <datafield tag="GSI" ind1="7" ind2=" ">
    <subfield code="a">http://d-nb.info/gnd/118533592</subfield>
    <subfield code="2">uri</subfield>
    <subfield code="A">GND</subfield>
    <subfield code="B">GND-118533592</subfield>
    <subfield code="C">024</subfield>
  </datafield>
  <datafield tag="GSI" ind1="7" ind2=" ">
    <subfield code="a">n79006871</subfield>
    <subfield code="2">lccn</subfield>
    <subfield code="A">GND</subfield>
    <subfield code="B">GND-118533592</subfield>
    <subfield code="C">024</subfield>
  </datafield>
  <datafield tag="GSI" ind1="7" ind2=" ">
    <subfield code="a">100254195</subfield>
    <subfield code="2">viaf</subfield>
    <subfield code="A">GND</subfield>
    <subfield code="B">GND-118533592</subfield>
    <subfield code="C">024</subfield>
  </datafield>
</record>